<?xml version="1.0" encoding="utf-8"?>
<Document xsi:schemaLocation="urn:iso:std:iso:20022:tech:xsd:camt.053.001.02 camt.053.001.02.xsd" xmlns="urn:iso:std:iso:20022:tech:xsd:camt.053.001.02" xmlns:xsi="http://www.w3.org/2001/XMLSchema-instance">
<BkToCstmrStmt><GrpHdr><MsgId>E132C0914F601EDB87C1706A0C215DA8</MsgId><CreDtTm>2020-11-03T20:33:53+01:00</CreDtTm><MsgPgntn><PgNb>1</PgNb><LastPgInd>true</LastPgInd></MsgPgntn></GrpHdr><Stmt><Id>E132C0914F601EDB87C1706A0C215DA8</Id><ElctrncSeqNb>42</ElctrncSeqNb><CreDtTm>2020-11-03T20:33:53+01:00</CreDtTm><Acct><Id><IBAN>DE27100205000001398702</IBAN></Id><Ccy>EUR</Ccy><Ownr><Nm>SchutzengelWerk gemeinnützige GmbH</Nm></Ownr><Svcr><FinInstnId><BIC>BFSWDE33BER</BIC><Othr><Id>DE 136634199</Id><Issr>UmsStId</Issr></Othr></FinInstnId></Svcr></Acct><Bal><Tp><CdOrPrtry><Cd>PRCD</Cd></CdOrPrtry></Tp><Amt Ccy="EUR">3462.33</Amt><CdtDbtInd>CRDT</CdtDbtInd><Dt><Dt>2020-10-30</Dt></Dt></Bal><Bal><Tp><CdOrPrtry><Cd>CLBD</Cd></CdOrPrtry></Tp><Amt Ccy="EUR">3397.99</Amt><CdtDbtInd>CRDT</CdtDbtInd><Dt><Dt>2020-11-03</Dt></Dt></Bal><Ntry><Amt Ccy="EUR">64.34</Amt><CdtDbtInd>DBIT</CdtDbtInd><Sts>BOOK</Sts><BookgDt><Dt>2020-11-03</Dt></BookgDt><ValDt><Dt>2020-11-03</Dt></ValDt><AcctSvcrRef>025100068177/001</AcctSvcrRef><BkTxCd><Prtry><Cd>109</Cd><Issr>DK</Issr></Prtry></BkTxCd><NtryDtls><TxDtls><Refs><EndToEndId>baID 800436868</EndToEndId><MndtId>11022011K1</MndtId></Refs><AmtDtls><InstdAmt><Amt Ccy="EUR">60.00</Amt></InstdAmt><TxAmt><Amt Ccy="EUR">64.34</Amt></TxAmt></AmtDtls><BkTxCd><Prtry><Cd>NRTI+109++912</Cd><Issr>DK</Issr></Prtry></BkTxCd><Chrgs><Amt Ccy="EUR">2.84</Amt><CdtDbtInd>DBIT</CdtDbtInd><Pty><FinInstnId><BIC>DRESDEFF160</BIC></FinInstnId></Pty></Chrgs><Chrgs><Amt Ccy="EUR">1.50</Amt><CdtDbtInd>DBIT</CdtDbtInd><Pty><FinInstnId><BIC>BFSWDE33XXX</BIC></FinInstnId></Pty></Chrgs><RltdPties><Dbtr><Nm>Sieber,Mike</Nm></Dbtr><DbtrAcct><Id><IBAN>DE93160800004433109600</IBAN></Id></DbtrAcct><Cdtr><Nm>Schutzengelwerk gGmbH</Nm></Cdtr></RltdPties><RltdAgts><DbtrAgt><FinInstnId><BIC>DRESDEFF160</BIC></FinInstnId></DbtrAgt></RltdAgts><RmtInf><Ustrd>Foerderer-NR. 11022011 Foerderbeitrag SchutzengelWerk Die Kinder sagenDanke</Ustrd></RmtInf><RtrInf><Rsn><Cd>MD06</Cd></Rsn><AddtlInf>RETURN WIDERSPRUCH DURCH ZAHLER</AddtlInf></RtrInf></TxDtls></NtryDtls><AddtlNtryInf>Rück-LS Basis</AddtlNtryInf></Ntry></Stmt></BkToCstmrStmt>
</Document>