<?xml version="1.0" encoding="utf-8"?>
<Document xsi:schemaLocation="urn:iso:std:iso:20022:tech:xsd:camt.053.001.02 camt.053.001.02.xsd" xmlns="urn:iso:std:iso:20022:tech:xsd:camt.053.001.02" xmlns:xsi="http://www.w3.org/2001/XMLSchema-instance">
<BkToCstmrStmt><GrpHdr><MsgId>E132C0914F601EDB87C1703D1E681BAF</MsgId><CreDtTm>2020-11-03T20:33:53+01:00</CreDtTm><MsgPgntn><PgNb>1</PgNb><LastPgInd>true</LastPgInd></MsgPgntn></GrpHdr><Stmt><Id>E132C0914F601EDB87C1703D1E681BAF</Id><ElctrncSeqNb>100</ElctrncSeqNb><CreDtTm>2020-11-03T20:33:53+01:00</CreDtTm><Acct><Id><IBAN>DE81100205000001398700</IBAN></Id><Ccy>EUR</Ccy><Ownr><Nm>SchutzengelWerk gemeinnützige GmbH</Nm></Ownr><Svcr><FinInstnId><BIC>BFSWDE33BER</BIC><Othr><Id>DE 136634199</Id><Issr>UmsStId</Issr></Othr></FinInstnId></Svcr></Acct><Bal><Tp><CdOrPrtry><Cd>PRCD</Cd></CdOrPrtry></Tp><Amt Ccy="EUR">7588.90</Amt><CdtDbtInd>CRDT</CdtDbtInd><Dt><Dt>2020-11-02</Dt></Dt></Bal><Bal><Tp><CdOrPrtry><Cd>CLBD</Cd></CdOrPrtry></Tp><Amt Ccy="EUR">7769.90</Amt><CdtDbtInd>CRDT</CdtDbtInd><Dt><Dt>2020-11-03</Dt></Dt></Bal><Ntry><Amt Ccy="EUR">11.00</Amt><CdtDbtInd>CRDT</CdtDbtInd><Sts>BOOK</Sts><BookgDt><Dt>2020-11-03</Dt></BookgDt><ValDt><Dt>2020-11-03</Dt></ValDt><AcctSvcrRef>024400061567/001</AcctSvcrRef><BkTxCd><Prtry><Cd>152</Cd><Issr>DK</Issr></Prtry></BkTxCd><NtryDtls><TxDtls><Refs><InstrId>CB20201103GT22030800122622000000001</InstrId><EndToEndId>NOTPROVIDED</EndToEndId></Refs><BkTxCd><Prtry><Cd>NSTO+152</Cd><Issr>DK</Issr></Prtry></BkTxCd><RltdPties><Dbtr><Nm>THOMAS HEINZ JACOBI</Nm></Dbtr><DbtrAcct><Id><IBAN>DE94100400000881961700</IBAN></Id></DbtrAcct><Cdtr><Nm>BERLINER KINDER SCHUTZENGEL</Nm></Cdtr></RltdPties><RltdAgts><DbtrAgt><FinInstnId><BIC>COBADEFFXXX</BIC></FinInstnId></DbtrAgt></RltdAgts><RmtInf><Ustrd>BK SCHUTZENGEL</Ustrd></RmtInf></TxDtls></NtryDtls><AddtlNtryInf>GS Dauerauftrag</AddtlNtryInf></Ntry><Ntry><Amt Ccy="EUR">150.00</Amt><CdtDbtInd>CRDT</CdtDbtInd><Sts>BOOK</Sts><BookgDt><Dt>2020-11-03</Dt></BookgDt><ValDt><Dt>2020-11-03</Dt></ValDt><AcctSvcrRef>024400061567/001</AcctSvcrRef><BkTxCd><Prtry><Cd>166</Cd><Issr>DK</Issr></Prtry></BkTxCd><NtryDtls><TxDtls><Refs><InstrId>BELADEBEXXXE5D30648090866N4</InstrId><EndToEndId>NOTPROVIDED</EndToEndId></Refs><BkTxCd><Prtry><Cd>NTRF+166</Cd><Issr>DK</Issr></Prtry></BkTxCd><RltdPties><Dbtr><Nm>Luft-Hamsa e.V.</Nm></Dbtr><DbtrAcct><Id><IBAN>DE11100500000190754818</IBAN></Id></DbtrAcct><Cdtr><Nm>Schutzengelwerk</Nm></Cdtr></RltdPties><RltdAgts><DbtrAgt><FinInstnId><BIC>BELADEBEXXX</BIC></FinInstnId></DbtrAgt></RltdAgts><RmtInf><Ustrd>Schutzengelwerk an Luft-Hamsa e.V. c/o Hajo Siems, Reichsstr. 48, 14052 Berlin</Ustrd></RmtInf></TxDtls></NtryDtls><AddtlNtryInf>Gutschrift</AddtlNtryInf></Ntry><Ntry><Amt Ccy="EUR">10.00</Amt><CdtDbtInd>CRDT</CdtDbtInd><Sts>BOOK</Sts><BookgDt><Dt>2020-11-03</Dt></BookgDt><ValDt><Dt>2020-11-03</Dt></ValDt><AcctSvcrRef>024400061567/001</AcctSvcrRef><BkTxCd><Prtry><Cd>152</Cd><Issr>DK</Issr></Prtry></BkTxCd><NtryDtls><TxDtls><Refs><InstrId>6908-05-18-18.11.20.709316-20160518</InstrId><EndToEndId>NOTPROVIDED</EndToEndId></Refs><BkTxCd><Prtry><Cd>NSTO+152</Cd><Issr>DK</Issr></Prtry></BkTxCd><RltdPties><Dbtr><Nm>Rainer Baumgartel</Nm></Dbtr><DbtrAcct><Id><IBAN>DE68100500002694247744</IBAN></Id></DbtrAcct><Cdtr><Nm>Berliner Kinderhilfe Schutzengel</Nm></Cdtr></RltdPties><RltdAgts><DbtrAgt><FinInstnId><BIC>BELADEBEXXX</BIC></FinInstnId></DbtrAgt></RltdAgts><RmtInf><Ustrd>Spende</Ustrd></RmtInf></TxDtls></NtryDtls><AddtlNtryInf>GS Dauerauftrag</AddtlNtryInf></Ntry><Ntry><Amt Ccy="EUR">10.00</Amt><CdtDbtInd>CRDT</CdtDbtInd><Sts>BOOK</Sts><BookgDt><Dt>2020-11-03</Dt></BookgDt><ValDt><Dt>2020-11-03</Dt></ValDt><AcctSvcrRef>024400061567/001</AcctSvcrRef><BkTxCd><Prtry><Cd>152</Cd><Issr>DK</Issr></Prtry></BkTxCd><NtryDtls><TxDtls><Refs><EndToEndId>ZV0100299209441500000002</EndToEndId></Refs><BkTxCd><Prtry><Cd>NSTO+152</Cd><Issr>DK</Issr></Prtry></BkTxCd><RltdPties><Dbtr><Nm>Gerlinde Graber</Nm></Dbtr><DbtrAcct><Id><IBAN>DE64100100100399733102</IBAN></Id></DbtrAcct><Cdtr><Nm>JOHANNES KINDER -U.JUGENDFÖRDERUNG</Nm></Cdtr></RltdPties><RltdAgts><DbtrAgt><FinInstnId><BIC>PBNKDEFFXXX</BIC></FinInstnId></DbtrAgt></RltdAgts><RmtInf><Ustrd>STICHPUNKT BK SCHUTZENGEL</Ustrd></RmtInf></TxDtls></NtryDtls><AddtlNtryInf>GS Dauerauftrag</AddtlNtryInf></Ntry></Stmt></BkToCstmrStmt>
</Document>