<?xml version="1.0" encoding="utf-8"?>
<Document xsi:schemaLocation="urn:iso:std:iso:20022:tech:xsd:camt.053.001.02 camt.053.001.02.xsd" xmlns="urn:iso:std:iso:20022:tech:xsd:camt.053.001.02" xmlns:xsi="http://www.w3.org/2001/XMLSchema-instance">
<BkToCstmrStmt><GrpHdr><MsgId>E132C0914F601EEB87D975A19EEBCA4A</MsgId><CreDtTm>2020-11-04T19:29:29+01:00</CreDtTm><MsgPgntn><PgNb>1</PgNb><LastPgInd>true</LastPgInd></MsgPgntn></GrpHdr><Stmt><Id>E132C0914F601EEB87D975A19EEBCA4A</Id><ElctrncSeqNb>153</ElctrncSeqNb><CreDtTm>2020-11-04T19:29:29+01:00</CreDtTm><Acct><Id><IBAN>DE54100205000001398701</IBAN></Id><Ccy>EUR</Ccy><Ownr><Nm>SchutzengelWerk gemeinnützige GmbH</Nm></Ownr><Svcr><FinInstnId><BIC>BFSWDE33BER</BIC><Othr><Id>DE 136634199</Id><Issr>UmsStId</Issr></Othr></FinInstnId></Svcr></Acct><Bal><Tp><CdOrPrtry><Cd>PRCD</Cd></CdOrPrtry></Tp><Amt Ccy="EUR">6977.34</Amt><CdtDbtInd>CRDT</CdtDbtInd><Dt><Dt>2020-11-03</Dt></Dt></Bal><Bal><Tp><CdOrPrtry><Cd>CLBD</Cd></CdOrPrtry></Tp><Amt Ccy="EUR">6968.04</Amt><CdtDbtInd>CRDT</CdtDbtInd><Dt><Dt>2020-11-04</Dt></Dt></Bal><Ntry><Amt Ccy="EUR">9.30</Amt><CdtDbtInd>DBIT</CdtDbtInd><Sts>BOOK</Sts><BookgDt><Dt>2020-11-04</Dt></BookgDt><ValDt><Dt>2020-11-04</Dt></ValDt><AcctSvcrRef>026900067697/001</AcctSvcrRef><BkTxCd><Prtry><Cd>109</Cd><Issr>DK</Issr></Prtry></BkTxCd><NtryDtls><TxDtls><Refs><EndToEndId>baID 800432959</EndToEndId><MndtId>11001372K1</MndtId></Refs><AmtDtls><InstdAmt><Amt Ccy="EUR">5.00</Amt></InstdAmt><TxAmt><Amt Ccy="EUR">9.30</Amt></TxAmt></AmtDtls><BkTxCd><Prtry><Cd>NRTI+109++912</Cd><Issr>DK</Issr></Prtry></BkTxCd><Chrgs><Amt Ccy="EUR">2.80</Amt><CdtDbtInd>DBIT</CdtDbtInd><Pty><FinInstnId><BIC>WELADED1PMB</BIC></FinInstnId></Pty></Chrgs><Chrgs><Amt Ccy="EUR">1.50</Amt><CdtDbtInd>DBIT</CdtDbtInd><Pty><FinInstnId><BIC>BFSWDE33XXX</BIC></FinInstnId></Pty></Chrgs><RltdPties><Dbtr><Nm>Knudsen,Marlies</Nm></Dbtr><DbtrAcct><Id><IBAN>DE67160500004853000238</IBAN></Id></DbtrAcct><Cdtr><Nm>Schutzengelwerk gGmbH</Nm></Cdtr></RltdPties><RltdAgts><DbtrAgt><FinInstnId><BIC>WELADED1PMB</BIC></FinInstnId></DbtrAgt></RltdAgts><RmtInf><Ustrd>Foerderer-NR. 11001372 Foerderbeitrag SchutzengelWerk Die Kinder sagenDanke</Ustrd></RmtInf><RtrInf><Rsn><Cd>MD06</Cd></Rsn><AddtlInf>RETURN WIDERSPRUCH DURCH ZAHLER</AddtlInf></RtrInf></TxDtls></NtryDtls><AddtlNtryInf>Rück-LS Basis</AddtlNtryInf></Ntry></Stmt></BkToCstmrStmt>
</Document>