<?xml version="1.0" encoding="utf-8"?>
<Document xsi:schemaLocation="urn:iso:std:iso:20022:tech:xsd:camt.053.001.02 camt.053.001.02.xsd" xmlns="urn:iso:std:iso:20022:tech:xsd:camt.053.001.02" xmlns:xsi="http://www.w3.org/2001/XMLSchema-instance">
<BkToCstmrStmt><GrpHdr><MsgId>E132C0914F601EEB87F3214C1D4A0AF5</MsgId><CreDtTm>2020-11-05T19:59:31+01:00</CreDtTm><MsgPgntn><PgNb>1</PgNb><LastPgInd>true</LastPgInd></MsgPgntn></GrpHdr><Stmt><Id>E132C0914F601EEB87F3214C1D4A0AF5</Id><ElctrncSeqNb>154</ElctrncSeqNb><CreDtTm>2020-11-05T19:59:31+01:00</CreDtTm><Acct><Id><IBAN>DE54100205000001398701</IBAN></Id><Ccy>EUR</Ccy><Ownr><Nm>SchutzengelWerk gemeinnützige GmbH</Nm></Ownr><Svcr><FinInstnId><BIC>BFSWDE33BER</BIC><Othr><Id>DE 136634199</Id><Issr>UmsStId</Issr></Othr></FinInstnId></Svcr></Acct><Bal><Tp><CdOrPrtry><Cd>PRCD</Cd></CdOrPrtry></Tp><Amt Ccy="EUR">6968.04</Amt><CdtDbtInd>CRDT</CdtDbtInd><Dt><Dt>2020-11-04</Dt></Dt></Bal><Bal><Tp><CdOrPrtry><Cd>CLBD</Cd></CdOrPrtry></Tp><Amt Ccy="EUR">6973.58</Amt><CdtDbtInd>CRDT</CdtDbtInd><Dt><Dt>2020-11-05</Dt></Dt></Bal><Ntry><Amt Ccy="EUR">15.00</Amt><CdtDbtInd>CRDT</CdtDbtInd><Sts>BOOK</Sts><BookgDt><Dt>2020-11-05</Dt></BookgDt><ValDt><Dt>2020-11-05</Dt></ValDt><AcctSvcrRef>023500077782/001</AcctSvcrRef><BkTxCd><Prtry><Cd>192</Cd><Issr>DK</Issr></Prtry></BkTxCd><NtryDtls><Btch><PmtInfId>windata-2-15-0001398701</PmtInfId><NbOfTxs>2</NbOfTxs></Btch><TxDtls><BkTxCd><Prtry><Cd>NDDT+192</Cd><Issr>DK</Issr></Prtry></BkTxCd></TxDtls></NtryDtls><AddtlNtryInf>Sammeleinzug Basis-LS / Anzahl Posten: 000002</AddtlNtryInf></Ntry><Ntry><Amt Ccy="EUR">9.46</Amt><CdtDbtInd>DBIT</CdtDbtInd><Sts>BOOK</Sts><BookgDt><Dt>2020-11-05</Dt></BookgDt><ValDt><Dt>2020-11-05</Dt></ValDt><AcctSvcrRef>028500063143/001</AcctSvcrRef><BkTxCd><Prtry><Cd>109</Cd><Issr>DK</Issr></Prtry></BkTxCd><NtryDtls><TxDtls><Refs><EndToEndId>baID 800432354</EndToEndId><MndtId>11018763K1</MndtId></Refs><AmtDtls><InstdAmt><Amt Ccy="EUR">5.00</Amt></InstdAmt><TxAmt><Amt Ccy="EUR">9.46</Amt></TxAmt></AmtDtls><BkTxCd><Prtry><Cd>NRTI+109++912</Cd><Issr>DK</Issr></Prtry></BkTxCd><Chrgs><Amt Ccy="EUR">2.96</Amt><CdtDbtInd>DBIT</CdtDbtInd><Pty><FinInstnId><BIC>GENODEF1SHL</BIC></FinInstnId></Pty></Chrgs><Chrgs><Amt Ccy="EUR">1.50</Amt><CdtDbtInd>DBIT</CdtDbtInd><Pty><FinInstnId><BIC>BFSWDE33XXX</BIC></FinInstnId></Pty></Chrgs><RltdPties><Dbtr><Nm>Herzer,Gerhard</Nm></Dbtr><DbtrAcct><Id><IBAN>DE80840948145002128535</IBAN></Id></DbtrAcct><Cdtr><Nm>Schutzengelwerk gGmbH</Nm></Cdtr></RltdPties><RltdAgts><DbtrAgt><FinInstnId><BIC>GENODEF1SHL</BIC></FinInstnId></DbtrAgt></RltdAgts><RmtInf><Ustrd>Foerderer-NR. 11018763 Foerderbeitrag SchutzengelWerk Die Kinder sagenDanke</Ustrd></RmtInf><RtrInf><Rsn><Cd>MD06</Cd></Rsn><AddtlInf>RETURN WIDERSPRUCH DURCH ZAHLER</AddtlInf></RtrInf></TxDtls></NtryDtls><AddtlNtryInf>Rück-LS Basis</AddtlNtryInf></Ntry></Stmt></BkToCstmrStmt>
</Document>