<?xml version="1.0" encoding="utf-8"?>
<Document xsi:schemaLocation="urn:iso:std:iso:20022:tech:xsd:camt.053.001.02 camt.053.001.02.xsd" xmlns="urn:iso:std:iso:20022:tech:xsd:camt.053.001.02" xmlns:xsi="http://www.w3.org/2001/XMLSchema-instance">
<BkToCstmrStmt><GrpHdr><MsgId>E132C0914F601EDB87C1705391599D1E</MsgId><CreDtTm>2020-11-03T20:33:53+01:00</CreDtTm><MsgPgntn><PgNb>1</PgNb><LastPgInd>true</LastPgInd></MsgPgntn></GrpHdr><Stmt><Id>E132C0914F601EDB87C1705391599D1E</Id><ElctrncSeqNb>152</ElctrncSeqNb><CreDtTm>2020-11-03T20:33:53+01:00</CreDtTm><Acct><Id><IBAN>DE54100205000001398701</IBAN></Id><Ccy>EUR</Ccy><Ownr><Nm>SchutzengelWerk gemeinnützige GmbH</Nm></Ownr><Svcr><FinInstnId><BIC>BFSWDE33BER</BIC><Othr><Id>DE 136634199</Id><Issr>UmsStId</Issr></Othr></FinInstnId></Svcr></Acct><Bal><Tp><CdOrPrtry><Cd>PRCD</Cd></CdOrPrtry></Tp><Amt Ccy="EUR">26981.18</Amt><CdtDbtInd>CRDT</CdtDbtInd><Dt><Dt>2020-11-02</Dt></Dt></Bal><Bal><Tp><CdOrPrtry><Cd>CLBD</Cd></CdOrPrtry></Tp><Amt Ccy="EUR">6977.34</Amt><CdtDbtInd>CRDT</CdtDbtInd><Dt><Dt>2020-11-03</Dt></Dt></Bal><Ntry><Amt Ccy="EUR">9.34</Amt><CdtDbtInd>DBIT</CdtDbtInd><Sts>BOOK</Sts><BookgDt><Dt>2020-11-03</Dt></BookgDt><ValDt><Dt>2020-11-03</Dt></ValDt><AcctSvcrRef>025100068183/001</AcctSvcrRef><BkTxCd><Prtry><Cd>109</Cd><Issr>DK</Issr></Prtry></BkTxCd><NtryDtls><TxDtls><Refs><EndToEndId>baID 800433005</EndToEndId><MndtId>11002295K1</MndtId></Refs><AmtDtls><InstdAmt><Amt Ccy="EUR">5.00</Amt></InstdAmt><TxAmt><Amt Ccy="EUR">9.34</Amt></TxAmt></AmtDtls><BkTxCd><Prtry><Cd>NRTI+109++912</Cd><Issr>DK</Issr></Prtry></BkTxCd><Chrgs><Amt Ccy="EUR">2.84</Amt><CdtDbtInd>DBIT</CdtDbtInd><Pty><FinInstnId><BIC>DRESDEFF100</BIC></FinInstnId></Pty></Chrgs><Chrgs><Amt Ccy="EUR">1.50</Amt><CdtDbtInd>DBIT</CdtDbtInd><Pty><FinInstnId><BIC>BFSWDE33XXX</BIC></FinInstnId></Pty></Chrgs><RltdPties><Dbtr><Nm>Ramthun,Guenther</Nm></Dbtr><DbtrAcct><Id><IBAN>DE58100800000117215300</IBAN></Id></DbtrAcct><Cdtr><Nm>Schutzengelwerk gGmbH</Nm></Cdtr></RltdPties><RltdAgts><DbtrAgt><FinInstnId><BIC>DRESDEFF100</BIC></FinInstnId></DbtrAgt></RltdAgts><RmtInf><Ustrd>Foerderer-NR. 11002295 Foerderbeitrag SchutzengelWerk Die Kinder sagenDanke</Ustrd></RmtInf><RtrInf><Rsn><Cd>MD06</Cd></Rsn><AddtlInf>RETURN WIDERSPRUCH DURCH ZAHLER</AddtlInf></RtrInf></TxDtls></NtryDtls><AddtlNtryInf>Rück-LS Basis</AddtlNtryInf></Ntry><Ntry><Amt Ccy="EUR">20000.00</Amt><CdtDbtInd>DBIT</CdtDbtInd><Sts>BOOK</Sts><BookgDt><Dt>2020-11-03</Dt></BookgDt><ValDt><Dt>2020-11-03</Dt></ValDt><AcctSvcrRef>025700070626/001</AcctSvcrRef><BkTxCd><Prtry><Cd>116</Cd><Issr>DK</Issr></Prtry></BkTxCd><NtryDtls><TxDtls><Refs><PmtInfId>windata-1-20000-0001398701</PmtInfId><EndToEndId>NOTPROVIDED</EndToEndId></Refs><BkTxCd><Prtry><Cd>NTRF+116</Cd><Issr>DK</Issr></Prtry></BkTxCd><RltdPties><Dbtr><Nm>Schutzengelwerk gGmbH</Nm></Dbtr><Cdtr><Nm>Schutzengelwerk</Nm></Cdtr><CdtrAcct><Id><IBAN>DE42100500000190369752</IBAN></Id></CdtrAcct></RltdPties><RltdAgts><CdtrAgt><FinInstnId><BIC>BELADEBEXXX</BIC></FinInstnId></CdtrAgt></RltdAgts><RmtInf><Ustrd>Umbuchung 03.11</Ustrd></RmtInf></TxDtls></NtryDtls><AddtlNtryInf>Überweisungsauftrag</AddtlNtryInf></Ntry><Ntry><Amt Ccy="EUR">20.00</Amt><CdtDbtInd>CRDT</CdtDbtInd><Sts>BOOK</Sts><BookgDt><Dt>2020-11-03</Dt></BookgDt><ValDt><Dt>2020-11-03</Dt></ValDt><AcctSvcrRef>018700072188/001</AcctSvcrRef><BkTxCd><Prtry><Cd>192</Cd><Issr>DK</Issr></Prtry></BkTxCd><NtryDtls><Btch><PmtInfId>windata-2-20-0001398701</PmtInfId><NbOfTxs>2</NbOfTxs></Btch><TxDtls><BkTxCd><Prtry><Cd>NDDT+192</Cd><Issr>DK</Issr></Prtry></BkTxCd></TxDtls></NtryDtls><AddtlNtryInf>Sammeleinzug Basis-LS / Anzahl Posten: 000002</AddtlNtryInf></Ntry><Ntry><Amt Ccy="EUR">14.50</Amt><CdtDbtInd>DBIT</CdtDbtInd><Sts>BOOK</Sts><BookgDt><Dt>2020-11-03</Dt></BookgDt><ValDt><Dt>2020-11-03</Dt></ValDt><AcctSvcrRef>015900059471/001</AcctSvcrRef><BkTxCd><Prtry><Cd>109</Cd><Issr>DK</Issr></Prtry></BkTxCd><NtryDtls><TxDtls><Refs><EndToEndId>baID 800433549</EndToEndId><MndtId>11005710K1</MndtId></Refs><AmtDtls><InstdAmt><Amt Ccy="EUR">10.00</Amt></InstdAmt><TxAmt><Amt Ccy="EUR">14.50</Amt></TxAmt></AmtDtls><BkTxCd><Prtry><Cd>NRTI+109++914</Cd><Issr>DK</Issr></Prtry></BkTxCd><Chrgs><Amt Ccy="EUR">3.00</Amt><CdtDbtInd>DBIT</CdtDbtInd><Pty><FinInstnId><BIC>BEVODEBBXXX</BIC></FinInstnId></Pty></Chrgs><Chrgs><Amt Ccy="EUR">1.50</Amt><CdtDbtInd>DBIT</CdtDbtInd><Pty><FinInstnId><BIC>BFSWDE33XXX</BIC></FinInstnId></Pty></Chrgs><RltdPties><Dbtr><Nm>Lottermoser,Elli</Nm></Dbtr><DbtrAcct><Id><IBAN>DE81100900005783833001</IBAN></Id></DbtrAcct><Cdtr><Nm>Schutzengelwerk gGmbH</Nm></Cdtr></RltdPties><RltdAgts><DbtrAgt><FinInstnId><BIC>BEVODEBBXXX</BIC></FinInstnId></DbtrAgt></RltdAgts><RmtInf><Ustrd>Foerderer-NR. 11005710 Foerderbeitrag SchutzengelWerk Die Kinder sagenDanke</Ustrd></RmtInf><RtrInf><Rsn><Cd>MS03</Cd></Rsn><AddtlInf>RETURN SONSTIGE GRUENDE</AddtlInf></RtrInf></TxDtls></NtryDtls><AddtlNtryInf>Rück-LS Basis</AddtlNtryInf></Ntry></Stmt></BkToCstmrStmt>
</Document>