<?xml version="1.0" encoding="utf-8"?>
<Document xsi:schemaLocation="urn:iso:std:iso:20022:tech:xsd:camt.053.001.02 camt.053.001.02.xsd" xmlns="urn:iso:std:iso:20022:tech:xsd:camt.053.001.02" xmlns:xsi="http://www.w3.org/2001/XMLSchema-instance">
<BkToCstmrStmt><GrpHdr><MsgId>E132C0914F601EDB85F78597AF85C38C</MsgId><CreDtTm>2020-10-26T19:50:53+01:00</CreDtTm><MsgPgntn><PgNb>1</PgNb><LastPgInd>true</LastPgInd></MsgPgntn></GrpHdr><Stmt><Id>E132C0914F601EDB85F78597AF85C38C</Id><ElctrncSeqNb>148</ElctrncSeqNb><CreDtTm>2020-10-26T19:50:53+01:00</CreDtTm><Acct><Id><IBAN>DE54100205000001398701</IBAN></Id><Ccy>EUR</Ccy><Ownr><Nm>SchutzengelWerk gemeinnützige GmbH</Nm></Ownr><Svcr><FinInstnId><BIC>BFSWDE33BER</BIC><Othr><Id>DE 136634199</Id><Issr>UmsStId</Issr></Othr></FinInstnId></Svcr></Acct><Bal><Tp><CdOrPrtry><Cd>PRCD</Cd></CdOrPrtry></Tp><Amt Ccy="EUR">16765.37</Amt><CdtDbtInd>CRDT</CdtDbtInd><Dt><Dt>2020-10-23</Dt></Dt></Bal><Bal><Tp><CdOrPrtry><Cd>CLBD</Cd></CdOrPrtry></Tp><Amt Ccy="EUR">1765.37</Amt><CdtDbtInd>CRDT</CdtDbtInd><Dt><Dt>2020-10-26</Dt></Dt></Bal><Ntry><Amt Ccy="EUR">15000.00</Amt><CdtDbtInd>DBIT</CdtDbtInd><Sts>BOOK</Sts><BookgDt><Dt>2020-10-26</Dt></BookgDt><ValDt><Dt>2020-10-26</Dt></ValDt><AcctSvcrRef>005300064310/001</AcctSvcrRef><BkTxCd><Prtry><Cd>116</Cd><Issr>DK</Issr></Prtry></BkTxCd><NtryDtls><TxDtls><Refs><PmtInfId>windata-1-15000-0001398701</PmtInfId><EndToEndId>NOTPROVIDED</EndToEndId></Refs><BkTxCd><Prtry><Cd>NTRF+116</Cd><Issr>DK</Issr></Prtry></BkTxCd><RltdPties><Dbtr><Nm>Schutzengelwerk gGmbH</Nm></Dbtr><Cdtr><Nm>Schutzengelwerk</Nm></Cdtr><CdtrAcct><Id><IBAN>DE42100500000190369752</IBAN></Id></CdtrAcct></RltdPties><RltdAgts><CdtrAgt><FinInstnId><BIC>BELADEBEXXX</BIC></FinInstnId></CdtrAgt></RltdAgts><RmtInf><Ustrd>Umbuchung 26.10</Ustrd></RmtInf></TxDtls></NtryDtls><AddtlNtryInf>Überweisungsauftrag</AddtlNtryInf></Ntry></Stmt></BkToCstmrStmt>
</Document>