<?xml version="1.0" encoding="utf-8"?>
<Document xsi:schemaLocation="urn:iso:std:iso:20022:tech:xsd:camt.053.001.02 camt.053.001.02.xsd" xmlns="urn:iso:std:iso:20022:tech:xsd:camt.053.001.02" xmlns:xsi="http://www.w3.org/2001/XMLSchema-instance">
<BkToCstmrStmt><GrpHdr><MsgId>E132C0914F601EDB869028BB8F285178</MsgId><CreDtTm>2020-10-27T19:21:46+01:00</CreDtTm><MsgPgntn><PgNb>1</PgNb><LastPgInd>true</LastPgInd></MsgPgntn></GrpHdr><Stmt><Id>E132C0914F601EDB869028BB8F285178</Id><ElctrncSeqNb>40</ElctrncSeqNb><CreDtTm>2020-10-27T19:21:46+01:00</CreDtTm><Acct><Id><IBAN>DE27100205000001398702</IBAN></Id><Ccy>EUR</Ccy><Ownr><Nm>SchutzengelWerk gemeinnützige GmbH</Nm></Ownr><Svcr><FinInstnId><BIC>BFSWDE33BER</BIC><Othr><Id>DE 136634199</Id><Issr>UmsStId</Issr></Othr></FinInstnId></Svcr></Acct><Bal><Tp><CdOrPrtry><Cd>PRCD</Cd></CdOrPrtry></Tp><Amt Ccy="EUR">3026.83</Amt><CdtDbtInd>CRDT</CdtDbtInd><Dt><Dt>2020-10-15</Dt></Dt></Bal><Bal><Tp><CdOrPrtry><Cd>CLBD</Cd></CdOrPrtry></Tp><Amt Ccy="EUR">2992.33</Amt><CdtDbtInd>CRDT</CdtDbtInd><Dt><Dt>2020-10-27</Dt></Dt></Bal><Ntry><Amt Ccy="EUR">34.50</Amt><CdtDbtInd>DBIT</CdtDbtInd><Sts>BOOK</Sts><BookgDt><Dt>2020-10-27</Dt></BookgDt><ValDt><Dt>2020-10-27</Dt></ValDt><AcctSvcrRef>008900067631/001</AcctSvcrRef><BkTxCd><Prtry><Cd>109</Cd><Issr>DK</Issr></Prtry></BkTxCd><NtryDtls><TxDtls><Refs><EndToEndId>baID 800426600</EndToEndId><MndtId>11021577K1</MndtId></Refs><AmtDtls><InstdAmt><Amt Ccy="EUR">30.00</Amt></InstdAmt><TxAmt><Amt Ccy="EUR">34.50</Amt></TxAmt></AmtDtls><BkTxCd><Prtry><Cd>NRTI+109++912</Cd><Issr>DK</Issr></Prtry></BkTxCd><Chrgs><Amt Ccy="EUR">3.00</Amt><CdtDbtInd>DBIT</CdtDbtInd><Pty><FinInstnId><BIC>WELADED1GZE</BIC></FinInstnId></Pty></Chrgs><Chrgs><Amt Ccy="EUR">1.50</Amt><CdtDbtInd>DBIT</CdtDbtInd><Pty><FinInstnId><BIC>BFSWDE33XXX</BIC></FinInstnId></Pty></Chrgs><RltdPties><Dbtr><Nm>Kolberg,Carola</Nm></Dbtr><DbtrAcct><Id><IBAN>DE47170520004608043205</IBAN></Id></DbtrAcct><Cdtr><Nm>Schutzengelwerk gGmbH</Nm></Cdtr></RltdPties><RltdAgts><DbtrAgt><FinInstnId><BIC>WELADED1GZE</BIC></FinInstnId></DbtrAgt></RltdAgts><RmtInf><Ustrd>Foerderer-NR. 11021577 Foerderbeitrag SchutzengelWerk Die Kinder sagenDanke</Ustrd></RmtInf><RtrInf><Rsn><Cd>MD06</Cd></Rsn><AddtlInf>RETURN WIDERSPRUCH DURCH ZAHLER</AddtlInf></RtrInf></TxDtls></NtryDtls><AddtlNtryInf>Rück-LS Basis</AddtlNtryInf></Ntry></Stmt></BkToCstmrStmt>
</Document>