<?xml version="1.0" encoding="utf-8"?>
<Document xsi:schemaLocation="urn:iso:std:iso:20022:tech:xsd:camt.053.001.02 camt.053.001.02.xsd" xmlns="urn:iso:std:iso:20022:tech:xsd:camt.053.001.02" xmlns:xsi="http://www.w3.org/2001/XMLSchema-instance">
<BkToCstmrStmt><GrpHdr><MsgId>E132C0914F601EDB87A8E5F55286DA35</MsgId><CreDtTm>2020-11-02T21:08:34+01:00</CreDtTm><MsgPgntn><PgNb>1</PgNb><LastPgInd>true</LastPgInd></MsgPgntn></GrpHdr><Stmt><Id>E132C0914F601EDB87A8E5F55286DA35</Id><ElctrncSeqNb>151</ElctrncSeqNb><CreDtTm>2020-11-02T21:08:34+01:00</CreDtTm><Acct><Id><IBAN>DE54100205000001398701</IBAN></Id><Ccy>EUR</Ccy><Ownr><Nm>SchutzengelWerk gemeinnützige GmbH</Nm></Ownr><Svcr><FinInstnId><BIC>BFSWDE33BER</BIC><Othr><Id>DE 136634199</Id><Issr>UmsStId</Issr></Othr></FinInstnId></Svcr></Acct><Bal><Tp><CdOrPrtry><Cd>PRCD</Cd></CdOrPrtry></Tp><Amt Ccy="EUR">26709.92</Amt><CdtDbtInd>CRDT</CdtDbtInd><Dt><Dt>2020-10-30</Dt></Dt></Bal><Bal><Tp><CdOrPrtry><Cd>CLBD</Cd></CdOrPrtry></Tp><Amt Ccy="EUR">26981.18</Amt><CdtDbtInd>CRDT</CdtDbtInd><Dt><Dt>2020-11-02</Dt></Dt></Bal><Ntry><Amt Ccy="EUR">14.50</Amt><CdtDbtInd>DBIT</CdtDbtInd><Sts>BOOK</Sts><BookgDt><Dt>2020-11-02</Dt></BookgDt><ValDt><Dt>2020-11-02</Dt></ValDt><AcctSvcrRef>012900061366/001</AcctSvcrRef><BkTxCd><Prtry><Cd>109</Cd><Issr>DK</Issr></Prtry></BkTxCd><NtryDtls><TxDtls><Refs><EndToEndId>baID 800433167</EndToEndId><MndtId>11003389K1</MndtId></Refs><AmtDtls><InstdAmt><Amt Ccy="EUR">10.00</Amt></InstdAmt><TxAmt><Amt Ccy="EUR">14.50</Amt></TxAmt></AmtDtls><BkTxCd><Prtry><Cd>NRTI+109++914</Cd><Issr>DK</Issr></Prtry></BkTxCd><Chrgs><Amt Ccy="EUR">3.00</Amt><CdtDbtInd>DBIT</CdtDbtInd><Pty><FinInstnId><BIC>BELADEBEXXX</BIC></FinInstnId></Pty></Chrgs><Chrgs><Amt Ccy="EUR">1.50</Amt><CdtDbtInd>DBIT</CdtDbtInd><Pty><FinInstnId><BIC>BFSWDE33XXX</BIC></FinInstnId></Pty></Chrgs><RltdPties><Dbtr><Nm>Worzalla,Peter</Nm></Dbtr><DbtrAcct><Id><IBAN>DE63100500001060550748</IBAN></Id></DbtrAcct><Cdtr><Nm>Schutzengelwerk gGmbH</Nm></Cdtr></RltdPties><RltdAgts><DbtrAgt><FinInstnId><BIC>BELADEBEXXX</BIC></FinInstnId></DbtrAgt></RltdAgts><RmtInf><Ustrd>Foerderer-NR. 11003389 Foerderbeitrag SchutzengelWerk Die Kinder sagenDanke</Ustrd></RmtInf><RtrInf><Rsn><Cd>MS03</Cd></Rsn><AddtlInf>RETURN SONSTIGE GRUENDE</AddtlInf></RtrInf></TxDtls></NtryDtls><AddtlNtryInf>Rück-LS Basis</AddtlNtryInf></Ntry><Ntry><Amt Ccy="EUR">35.84</Amt><CdtDbtInd>DBIT</CdtDbtInd><Sts>BOOK</Sts><BookgDt><Dt>2020-11-02</Dt></BookgDt><ValDt><Dt>2020-11-02</Dt></ValDt><AcctSvcrRef>020100080237/001</AcctSvcrRef><BkTxCd><Prtry><Cd>109</Cd><Issr>DK</Issr></Prtry></BkTxCd><NtryDtls><TxDtls><Refs><InstrId>NOTPROVIDED</InstrId><EndToEndId>baID 800436735</EndToEndId><MndtId>11016095K1</MndtId></Refs><AmtDtls><InstdAmt><Amt Ccy="EUR">30.00</Amt></InstdAmt><TxAmt><Amt Ccy="EUR">35.84</Amt></TxAmt></AmtDtls><BkTxCd><Prtry><Cd>NRTI+109++902</Cd><Issr>DK</Issr></Prtry></BkTxCd><Chrgs><Amt Ccy="EUR">4.34</Amt><CdtDbtInd>DBIT</CdtDbtInd><Pty><FinInstnId><BIC>GENODEF1S08</BIC></FinInstnId></Pty></Chrgs><Chrgs><Amt Ccy="EUR">1.50</Amt><CdtDbtInd>DBIT</CdtDbtInd><Pty><FinInstnId><BIC>BFSWDE33XXX</BIC></FinInstnId></Pty></Chrgs><RltdPties><Dbtr><Nm>Bruening,Paula</Nm></Dbtr><DbtrAcct><Id><IBAN>DE19400605600000449830</IBAN></Id></DbtrAcct><Cdtr><Nm>Schutzengelwerk gGmbH</Nm></Cdtr></RltdPties><RltdAgts><DbtrAgt><FinInstnId><BIC>GENODEF1S08</BIC></FinInstnId></DbtrAgt></RltdAgts><RmtInf><Ustrd>Foerderer-NR. 11016095 Foerderbeitrag SchutzengelWerk Die Kinder sagenDanke</Ustrd></RmtInf><RtrInf><Rsn><Cd>AC04</Cd></Rsn><AddtlInf>RETURN KONTO AUFGELOEST</AddtlInf></RtrInf></TxDtls></NtryDtls><AddtlNtryInf>Rück-LS Basis</AddtlNtryInf></Ntry><Ntry><Amt Ccy="EUR">9.50</Amt><CdtDbtInd>DBIT</CdtDbtInd><Sts>BOOK</Sts><BookgDt><Dt>2020-11-02</Dt></BookgDt><ValDt><Dt>2020-11-02</Dt></ValDt><AcctSvcrRef>020100080252/001</AcctSvcrRef><BkTxCd><Prtry><Cd>109</Cd><Issr>DK</Issr></Prtry></BkTxCd><NtryDtls><TxDtls><Refs><EndToEndId>baID 800435036</EndToEndId><MndtId>11016406K1</MndtId></Refs><AmtDtls><InstdAmt><Amt Ccy="EUR">5.00</Amt></InstdAmt><TxAmt><Amt Ccy="EUR">9.50</Amt></TxAmt></AmtDtls><BkTxCd><Prtry><Cd>NRTI+109++902</Cd><Issr>DK</Issr></Prtry></BkTxCd><Chrgs><Amt Ccy="EUR">3.00</Amt><CdtDbtInd>DBIT</CdtDbtInd><Pty><FinInstnId><BIC>INGDDEFFXXX</BIC></FinInstnId></Pty></Chrgs><Chrgs><Amt Ccy="EUR">1.50</Amt><CdtDbtInd>DBIT</CdtDbtInd><Pty><FinInstnId><BIC>BFSWDE33XXX</BIC></FinInstnId></Pty></Chrgs><RltdPties><Dbtr><Nm>Kieburg,Erika</Nm><PstlAdr><Ctry>DE</Ctry></PstlAdr></Dbtr><DbtrAcct><Id><IBAN>DE48500105175400360647</IBAN></Id></DbtrAcct><Cdtr><Nm>Schutzengelwerk gGmbH</Nm><PstlAdr><Ctry>DE</Ctry></PstlAdr></Cdtr></RltdPties><RltdAgts><DbtrAgt><FinInstnId><BIC>INGDDEFFXXX</BIC></FinInstnId></DbtrAgt></RltdAgts><RmtInf><Ustrd>Foerderer-NR. 11016406 Foerderbeitrag SchutzengelWerk Die Kinder sagenDanke</Ustrd></RmtInf><RtrInf><Rsn><Cd>AC04</Cd></Rsn><AddtlInf>RETURN KONTO AUFGELOEST</AddtlInf></RtrInf></TxDtls></NtryDtls><AddtlNtryInf>Rück-LS Basis</AddtlNtryInf></Ntry><Ntry><Amt Ccy="EUR">14.80</Amt><CdtDbtInd>DBIT</CdtDbtInd><Sts>BOOK</Sts><BookgDt><Dt>2020-11-02</Dt></BookgDt><ValDt><Dt>2020-11-02</Dt></ValDt><AcctSvcrRef>014500069652/001</AcctSvcrRef><BkTxCd><Prtry><Cd>109</Cd><Issr>DK</Issr></Prtry></BkTxCd><NtryDtls><TxDtls><Refs><EndToEndId>baID 800435702</EndToEndId><MndtId>11024403K1</MndtId></Refs><AmtDtls><InstdAmt><Amt Ccy="EUR">10.00</Amt></InstdAmt><TxAmt><Amt Ccy="EUR">14.80</Amt></TxAmt></AmtDtls><BkTxCd><Prtry><Cd>NRTI+109++914</Cd><Issr>DK</Issr></Prtry></BkTxCd><Chrgs><Amt Ccy="EUR">3.30</Amt><CdtDbtInd>DBIT</CdtDbtInd><Pty><FinInstnId><BIC>NORSDE51XXX</BIC></FinInstnId></Pty></Chrgs><Chrgs><Amt Ccy="EUR">1.50</Amt><CdtDbtInd>DBIT</CdtDbtInd><Pty><FinInstnId><BIC>BFSWDE33XXX</BIC></FinInstnId></Pty></Chrgs><RltdPties><Dbtr><Nm>Kleisberg,Dora</Nm></Dbtr><DbtrAcct><Id><IBAN>DE27100777770506003300</IBAN></Id></DbtrAcct><Cdtr><Nm>Schutzengelwerk gGmbH</Nm></Cdtr></RltdPties><RltdAgts><DbtrAgt><FinInstnId><BIC>NORSDE51XXX</BIC></FinInstnId></DbtrAgt></RltdAgts><RmtInf><Ustrd>Foerderer-NR. 11024403 Foerderbeitrag SchutzengelWerk Die Kinder sagenDanke</Ustrd></RmtInf><RtrInf><Rsn><Cd>MS03</Cd></Rsn><AddtlInf>RETURN SONSTIGE GRUENDE</AddtlInf></RtrInf></TxDtls></NtryDtls><AddtlNtryInf>Rück-LS Basis</AddtlNtryInf></Ntry><Ntry><Amt Ccy="EUR">14.80</Amt><CdtDbtInd>DBIT</CdtDbtInd><Sts>BOOK</Sts><BookgDt><Dt>2020-11-02</Dt></BookgDt><ValDt><Dt>2020-11-02</Dt></ValDt><AcctSvcrRef>014500069654/001</AcctSvcrRef><BkTxCd><Prtry><Cd>109</Cd><Issr>DK</Issr></Prtry></BkTxCd><NtryDtls><TxDtls><Refs><EndToEndId>baID 800434720</EndToEndId><MndtId>11015235K1</MndtId></Refs><AmtDtls><InstdAmt><Amt Ccy="EUR">10.00</Amt></InstdAmt><TxAmt><Amt Ccy="EUR">14.80</Amt></TxAmt></AmtDtls><BkTxCd><Prtry><Cd>NRTI+109++914</Cd><Issr>DK</Issr></Prtry></BkTxCd><Chrgs><Amt Ccy="EUR">3.30</Amt><CdtDbtInd>DBIT</CdtDbtInd><Pty><FinInstnId><BIC>DEUTDEDB110</BIC></FinInstnId></Pty></Chrgs><Chrgs><Amt Ccy="EUR">1.50</Amt><CdtDbtInd>DBIT</CdtDbtInd><Pty><FinInstnId><BIC>BFSWDE33XXX</BIC></FinInstnId></Pty></Chrgs><RltdPties><Dbtr><Nm>Koeppe,Ella</Nm></Dbtr><DbtrAcct><Id><IBAN>DE45100708480002979136</IBAN></Id></DbtrAcct><Cdtr><Nm>Schutzengelwerk gGmbH</Nm></Cdtr></RltdPties><RltdAgts><DbtrAgt><FinInstnId><BIC>DEUTDEDB110</BIC></FinInstnId></DbtrAgt></RltdAgts><RmtInf><Ustrd>Foerderer-NR. 11015235 Foerderbeitrag SchutzengelWerk Die Kinder sagenDanke</Ustrd></RmtInf><RtrInf><Rsn><Cd>MS03</Cd></Rsn><AddtlInf>RETURN SONSTIGE GRUENDE</AddtlInf></RtrInf></TxDtls></NtryDtls><AddtlNtryInf>Rück-LS Basis</AddtlNtryInf></Ntry><Ntry><Amt Ccy="EUR">14.80</Amt><CdtDbtInd>DBIT</CdtDbtInd><Sts>BOOK</Sts><BookgDt><Dt>2020-11-02</Dt></BookgDt><ValDt><Dt>2020-11-02</Dt></ValDt><AcctSvcrRef>014500069675/001</AcctSvcrRef><BkTxCd><Prtry><Cd>109</Cd><Issr>DK</Issr></Prtry></BkTxCd><NtryDtls><TxDtls><Refs><EndToEndId>baID 800434995</EndToEndId><MndtId>11016259K1</MndtId></Refs><AmtDtls><InstdAmt><Amt Ccy="EUR">10.00</Amt></InstdAmt><TxAmt><Amt Ccy="EUR">14.80</Amt></TxAmt></AmtDtls><BkTxCd><Prtry><Cd>NRTI+109++914</Cd><Issr>DK</Issr></Prtry></BkTxCd><Chrgs><Amt Ccy="EUR">3.30</Amt><CdtDbtInd>DBIT</CdtDbtInd><Pty><FinInstnId><BIC>DEUTDEDBBER</BIC></FinInstnId></Pty></Chrgs><Chrgs><Amt Ccy="EUR">1.50</Amt><CdtDbtInd>DBIT</CdtDbtInd><Pty><FinInstnId><BIC>BFSWDE33XXX</BIC></FinInstnId></Pty></Chrgs><RltdPties><Dbtr><Nm>Mueller,Brigitte</Nm></Dbtr><DbtrAcct><Id><IBAN>DE16100700240002632131</IBAN></Id></DbtrAcct><Cdtr><Nm>Schutzengelwerk gGmbH</Nm></Cdtr></RltdPties><RltdAgts><DbtrAgt><FinInstnId><BIC>DEUTDEDBBER</BIC></FinInstnId></DbtrAgt></RltdAgts><RmtInf><Ustrd>Foerderer-NR. 11016259 Foerderbeitrag SchutzengelWerk Die Kinder sagenDanke</Ustrd></RmtInf><RtrInf><Rsn><Cd>MS03</Cd></Rsn><AddtlInf>RETURN SONSTIGE GRUENDE</AddtlInf></RtrInf></TxDtls></NtryDtls><AddtlNtryInf>Rück-LS Basis</AddtlNtryInf></Ntry><Ntry><Amt Ccy="EUR">380.00</Amt><CdtDbtInd>CRDT</CdtDbtInd><Sts>BOOK</Sts><BookgDt><Dt>2020-11-02</Dt></BookgDt><ValDt><Dt>2020-11-02</Dt></ValDt><AcctSvcrRef>021700073574/001</AcctSvcrRef><BkTxCd><Prtry><Cd>192</Cd><Issr>DK</Issr></Prtry></BkTxCd><NtryDtls><Btch><PmtInfId>windata-47-380-0001398701</PmtInfId><NbOfTxs>47</NbOfTxs></Btch><TxDtls><BkTxCd><Prtry><Cd>NDDT+192</Cd><Issr>DK</Issr></Prtry></BkTxCd></TxDtls></NtryDtls><AddtlNtryInf>Sammeleinzug Basis-LS / Anzahl Posten: 000047</AddtlNtryInf></Ntry><Ntry><Amt Ccy="EUR">10.00</Amt><CdtDbtInd>CRDT</CdtDbtInd><Sts>BOOK</Sts><BookgDt><Dt>2020-11-02</Dt></BookgDt><ValDt><Dt>2020-11-02</Dt></ValDt><AcctSvcrRef>021700073575/001</AcctSvcrRef><BkTxCd><Prtry><Cd>171</Cd><Issr>DK</Issr></Prtry></BkTxCd><NtryDtls><TxDtls><Refs><PmtInfId>windata-1-10-0001398701</PmtInfId><EndToEndId>baID 800435682</EndToEndId><MndtId>11023398K1</MndtId></Refs><BkTxCd><Prtry><Cd>NDDT+171</Cd><Issr>DK</Issr></Prtry></BkTxCd><RltdPties><Dbtr><Nm>Geyer,Guenter</Nm></Dbtr><DbtrAcct><Id><IBAN>DE75100900002771285000</IBAN></Id></DbtrAcct><Cdtr><Nm>Schutzengelwerk gGmbH</Nm><Id><PrvtId><Othr><Id>DE28ZZZ00001362509</Id></Othr></PrvtId></Id></Cdtr></RltdPties><RltdAgts><DbtrAgt><FinInstnId><BIC>BEVODEBBXXX</BIC></FinInstnId></DbtrAgt></RltdAgts><RmtInf><Ustrd>Foerderer-NR. 11023398 Foerderbeitrag SchutzengelWerk Die Kinder sagen Danke</Ustrd></RmtInf></TxDtls></NtryDtls><AddtlNtryInf>Einzug BASIS-LS</AddtlNtryInf></Ntry><Ntry><Amt Ccy="EUR">14.50</Amt><CdtDbtInd>DBIT</CdtDbtInd><Sts>BOOK</Sts><BookgDt><Dt>2020-11-02</Dt></BookgDt><ValDt><Dt>2020-11-02</Dt></ValDt><AcctSvcrRef>015500069621/001</AcctSvcrRef><BkTxCd><Prtry><Cd>109</Cd><Issr>DK</Issr></Prtry></BkTxCd><NtryDtls><TxDtls><Refs><EndToEndId>baID 800434338</EndToEndId><MndtId>11013570K1</MndtId></Refs><AmtDtls><InstdAmt><Amt Ccy="EUR">10.00</Amt></InstdAmt><TxAmt><Amt Ccy="EUR">14.50</Amt></TxAmt></AmtDtls><BkTxCd><Prtry><Cd>NRTI+109++914</Cd><Issr>DK</Issr></Prtry></BkTxCd><Chrgs><Amt Ccy="EUR">3.00</Amt><CdtDbtInd>DBIT</CdtDbtInd><Pty><FinInstnId><BIC>INGDDEFFXXX</BIC></FinInstnId></Pty></Chrgs><Chrgs><Amt Ccy="EUR">1.50</Amt><CdtDbtInd>DBIT</CdtDbtInd><Pty><FinInstnId><BIC>BFSWDE33XXX</BIC></FinInstnId></Pty></Chrgs><RltdPties><Dbtr><Nm>Schreiter,Ramona</Nm><PstlAdr><Ctry>DE</Ctry></PstlAdr></Dbtr><DbtrAcct><Id><IBAN>DE08500105175424447049</IBAN></Id></DbtrAcct><Cdtr><Nm>Schutzengelwerk gGmbH</Nm><PstlAdr><Ctry>DE</Ctry></PstlAdr></Cdtr></RltdPties><RltdAgts><DbtrAgt><FinInstnId><BIC>INGDDEFFXXX</BIC></FinInstnId></DbtrAgt></RltdAgts><RmtInf><Ustrd>Foerderer-NR. 11013570 Foerderbeitrag SchutzengelWerk Die Kinder sagenDanke</Ustrd></RmtInf><RtrInf><Rsn><Cd>MS03</Cd></Rsn><AddtlInf>RETURN SONSTIGE GRUENDE</AddtlInf></RtrInf></TxDtls></NtryDtls><AddtlNtryInf>Rück-LS Basis</AddtlNtryInf></Ntry></Stmt></BkToCstmrStmt>
</Document>