<?xml version="1.0" encoding="utf-8"?>
<Document xsi:schemaLocation="urn:iso:std:iso:20022:tech:xsd:camt.053.001.02 camt.053.001.02.xsd" xmlns="urn:iso:std:iso:20022:tech:xsd:camt.053.001.02" xmlns:xsi="http://www.w3.org/2001/XMLSchema-instance">
<BkToCstmrStmt><GrpHdr><MsgId>E132C0914F601EEB86C281244A7D08F7</MsgId><CreDtTm>2020-10-29T19:24:51+01:00</CreDtTm><MsgPgntn><PgNb>1</PgNb><LastPgInd>true</LastPgInd></MsgPgntn></GrpHdr><Stmt><Id>E132C0914F601EEB86C281244A7D08F7</Id><ElctrncSeqNb>98</ElctrncSeqNb><CreDtTm>2020-10-29T19:24:51+01:00</CreDtTm><Acct><Id><IBAN>DE81100205000001398700</IBAN></Id><Ccy>EUR</Ccy><Ownr><Nm>SchutzengelWerk gemeinnützige GmbH</Nm></Ownr><Svcr><FinInstnId><BIC>BFSWDE33BER</BIC><Othr><Id>DE 136634199</Id><Issr>UmsStId</Issr></Othr></FinInstnId></Svcr></Acct><Bal><Tp><CdOrPrtry><Cd>PRCD</Cd></CdOrPrtry></Tp><Amt Ccy="EUR">7543.90</Amt><CdtDbtInd>CRDT</CdtDbtInd><Dt><Dt>2020-10-28</Dt></Dt></Bal><Bal><Tp><CdOrPrtry><Cd>CLBD</Cd></CdOrPrtry></Tp><Amt Ccy="EUR">7573.90</Amt><CdtDbtInd>CRDT</CdtDbtInd><Dt><Dt>2020-10-29</Dt></Dt></Bal><Ntry><Amt Ccy="EUR">30.00</Amt><CdtDbtInd>CRDT</CdtDbtInd><Sts>BOOK</Sts><BookgDt><Dt>2020-10-29</Dt></BookgDt><ValDt><Dt>2020-10-29</Dt></ValDt><AcctSvcrRef>011600074277/001</AcctSvcrRef><BkTxCd><Prtry><Cd>166</Cd><Issr>DK</Issr></Prtry></BkTxCd><NtryDtls><TxDtls><Refs><EndToEndId>ZV0100298724168300000002</EndToEndId></Refs><BkTxCd><Prtry><Cd>NTRF+166</Cd><Issr>DK</Issr></Prtry></BkTxCd><RltdPties><Dbtr><Nm>HORST WOLLNY JANA FRÖDE</Nm></Dbtr><DbtrAcct><Id><IBAN>DE82600100700283091707</IBAN></Id></DbtrAcct><Cdtr><Nm>Schutzengelwerk</Nm></Cdtr></RltdPties><RltdAgts><DbtrAgt><FinInstnId><BIC>PBNKDEFFXXX</BIC></FinInstnId></DbtrAgt></RltdAgts></TxDtls></NtryDtls><AddtlNtryInf>GS Cashmanagement</AddtlNtryInf></Ntry></Stmt></BkToCstmrStmt>
</Document>