<?xml version="1.0" encoding="utf-8"?>
<Document xsi:schemaLocation="urn:iso:std:iso:20022:tech:xsd:camt.053.001.02 camt.053.001.02.xsd" xmlns="urn:iso:std:iso:20022:tech:xsd:camt.053.001.02" xmlns:xsi="http://www.w3.org/2001/XMLSchema-instance">
<BkToCstmrStmt><GrpHdr><MsgId>0DAE6EBBD71D1EEB88D82153B4EB024D</MsgId><CreDtTm>2020-11-09T20:23:26+01:00</CreDtTm><MsgPgntn><PgNb>1</PgNb><LastPgInd>true</LastPgInd></MsgPgntn></GrpHdr><Stmt><Id>0DAE6EBBD71D1EEB88D82153B4EB024D</Id><ElctrncSeqNb>155</ElctrncSeqNb><CreDtTm>2020-11-09T20:23:26+01:00</CreDtTm><Acct><Id><IBAN>DE54100205000001398701</IBAN></Id><Ccy>EUR</Ccy><Ownr><Nm>SchutzengelWerk gemeinnützige GmbH</Nm></Ownr><Svcr><FinInstnId><BIC>BFSWDE33BER</BIC><Othr><Id>DE 136634199</Id><Issr>UmsStId</Issr></Othr></FinInstnId></Svcr></Acct><Bal><Tp><CdOrPrtry><Cd>PRCD</Cd></CdOrPrtry></Tp><Amt Ccy="EUR">6973.58</Amt><CdtDbtInd>CRDT</CdtDbtInd><Dt><Dt>2020-11-05</Dt></Dt></Bal><Bal><Tp><CdOrPrtry><Cd>CLBD</Cd></CdOrPrtry></Tp><Amt Ccy="EUR">4973.58</Amt><CdtDbtInd>CRDT</CdtDbtInd><Dt><Dt>2020-11-09</Dt></Dt></Bal><Ntry><Amt Ccy="EUR">2000.00</Amt><CdtDbtInd>DBIT</CdtDbtInd><Sts>BOOK</Sts><BookgDt><Dt>2020-11-09</Dt></BookgDt><ValDt><Dt>2020-11-09</Dt></ValDt><AcctSvcrRef>038300067534/001</AcctSvcrRef><BkTxCd><Prtry><Cd>116</Cd><Issr>DK</Issr></Prtry></BkTxCd><NtryDtls><TxDtls><Refs><PmtInfId>20110901072</PmtInfId><EndToEndId>E2EC3224468502150429181021000001</EndToEndId></Refs><BkTxCd><Prtry><Cd>NTRF+116</Cd><Issr>DK</Issr></Prtry></BkTxCd><RltdPties><Dbtr><Nm>Johannes Kinder- und Jugendförder</Nm></Dbtr><Cdtr><Nm>Zuckerbaum ev</Nm></Cdtr><CdtrAcct><Id><IBAN>DE22100208900023870878</IBAN></Id></CdtrAcct></RltdPties><RltdAgts><CdtrAgt><FinInstnId><BIC>HYVEDEMM488</BIC></FinInstnId></CdtrAgt></RltdAgts><RmtInf><Ustrd>Spende Zuckerbaum</Ustrd></RmtInf></TxDtls></NtryDtls><AddtlNtryInf>Überweisungsauftrag</AddtlNtryInf></Ntry></Stmt></BkToCstmrStmt>
</Document>